<?xml version="1.0" encoding="UTF-8"?>
<collection xmlns:xsi="http://www.w3.org/2001/XMLSchema-instance" xsi:schemaLocation="http://www.loc.gov/MARC21/slim http://www.loc.gov/standards/marcxml/schema/MARC21slim.xsd" xmlns="http://www.loc.gov/MARC21/slim">
<record>
  <leader>02019cam a2200409 a 4500</leader>
  <controlfield tag="001">2981025</controlfield>
  <controlfield tag="003">NNC</controlfield>
  <controlfield tag="005">20150817132356.0</controlfield>
  <controlfield tag="008">890925s1888    ua            000 0 ara d</controlfield>
  <datafield tag="010" ind1=" " ind2=" ">
    <subfield code="a">   60034367 </subfield>
  </datafield>
  <datafield tag="035" ind1=" " ind2=" ">
    <subfield code="a">(OCoLC)505675200</subfield>
  </datafield>
  <datafield tag="035" ind1=" " ind2=" ">
    <subfield code="a">(OCoLC)ocn505675200</subfield>
  </datafield>
  <datafield tag="035" ind1=" " ind2=" ">
    <subfield code="9">ASM8159CU</subfield>
  </datafield>
  <datafield tag="035" ind1=" " ind2=" ">
    <subfield code="a">(NNC)2981025</subfield>
  </datafield>
  <datafield tag="040" ind1=" " ind2=" ">
    <subfield code="a">PU</subfield>
    <subfield code="c">PSt</subfield>
    <subfield code="d">MH</subfield>
  </datafield>
  <datafield tag="050" ind1="0" ind2=" ">
    <subfield code="a">BP189.5.R5</subfield>
    <subfield code="b">A5 1888</subfield>
  </datafield>
  <datafield tag="066" ind1=" " ind2=" ">
    <subfield code="c">(3</subfield>
  </datafield>
  <datafield tag="090" ind1=" " ind2=" ">
    <subfield code="a">BP189.5.R5</subfield>
    <subfield code="b">A5 1888</subfield>
  </datafield>
  <datafield tag="100" ind1="1" ind2=" ">
    <subfield code="6">880-01</subfield>
    <subfield code="a">Ālūsī, Maḥmūd Shukrī,</subfield>
    <subfield code="d">1857-1924.</subfield>
  </datafield>
  <datafield tag="240" ind1="1" ind2="0">
    <subfield code="6">880-02</subfield>
    <subfield code="a">Asrār al-ilāhīyah</subfield>
  </datafield>
  <datafield tag="245" ind1="1" ind2="0">
    <subfield code="6">880-03</subfield>
    <subfield code="a">Kitāb al-asrār al-ilāhīyah :</subfield>
    <subfield code="b">sharḥ al-Qaṣīdah al-Rifāʻīyah /</subfield>
    <subfield code="c">taʾlīf Maḥmūd Shukrī al-Ālūsī al-Baghdādī al-Ḥusaynī al-Rifāʻī.</subfield>
  </datafield>
  <datafield tag="250" ind1=" " ind2=" ">
    <subfield code="6">880-04</subfield>
    <subfield code="a">al-Ṭabʻah 1.</subfield>
  </datafield>
  <datafield tag="260" ind1=" " ind2=" ">
    <subfield code="6">880-05</subfield>
    <subfield code="a">Miṣr :</subfield>
    <subfield code="b">al-Maṭbaʻah al-Khayrīyah,</subfield>
    <subfield code="c">1305 [1888].</subfield>
  </datafield>
  <datafield tag="300" ind1=" " ind2=" ">
    <subfield code="a">96 p. ;</subfield>
    <subfield code="c">29 cm.</subfield>
  </datafield>
  <datafield tag="500" ind1=" " ind2=" ">
    <subfield code="a">In Arabic.</subfield>
  </datafield>
  <datafield tag="600" ind1="1" ind2="0">
    <subfield code="a">Rifāʻī, Aḥmad ibn ʻAlī,</subfield>
    <subfield code="d">1106?-1182.</subfield>
  </datafield>
  <datafield tag="600" ind1="1" ind2="0">
    <subfield code="a">Abū al-Hudá al-Ṣayyādī, Muḥammad ibn Ḥasan Wādī,</subfield>
    <subfield code="d">1849 or 1850-1910 or 1911.</subfield>
    <subfield code="t">Qaṣīdah al-Rifāʻīyah.</subfield>
  </datafield>
  <datafield tag="700" ind1="1" ind2="2">
    <subfield code="6">880-06</subfield>
    <subfield code="a">Abū al-Hudá al-Ṣayyādī, Muḥammad ibn Ḥasan Wādī,</subfield>
    <subfield code="d">1849 or 1850-1910 or 1911.</subfield>
    <subfield code="t">Qaṣīdah al-Rifāʻīyah.</subfield>
    <subfield code="f">1888.</subfield>
  </datafield>
  <datafield tag="740" ind1="0" ind2=" ">
    <subfield code="a">Sharḥ al-Qaṣīdah al-Rifāʻīyah.</subfield>
  </datafield>
  <datafield tag="880" ind1="1" ind2=" ">
    <subfield code="6">100-01/(3/r</subfield>
    <subfield code="a">آلوسي، محمود شكري,</subfield>
    <subfield code="d">1857-1924.</subfield>
  </datafield>
  <datafield tag="880" ind1="1" ind2="0">
    <subfield code="6">240-02/(3/r</subfield>
    <subfield code="a">أسرار الالهية</subfield>
  </datafield>
  <datafield tag="880" ind1="1" ind2="0">
    <subfield code="6">245-03/(3/r</subfield>
    <subfield code="a">كتاب الاسرار الالهية :</subfield>
    <subfield code="b">شرح القصيدة الرفاعية /</subfield>
    <subfield code="c">تأليف محمود شكري الآلوسي البغدادي الحسيني الرفاعي.</subfield>
  </datafield>
  <datafield tag="880" ind1=" " ind2=" ">
    <subfield code="6">250-04/(3/r</subfield>
    <subfield code="a">الطبعة ١.</subfield>
  </datafield>
  <datafield tag="880" ind1=" " ind2=" ">
    <subfield code="6">260-05/(3/r</subfield>
    <subfield code="a">مصر :</subfield>
    <subfield code="b">المطبعة الخيرية،</subfield>
    <subfield code="c">١٣٠٥ [1888].</subfield>
  </datafield>
  <datafield tag="880" ind1="1" ind2="2">
    <subfield code="6">700-06/(3/r</subfield>
    <subfield code="a">أبو الهدى الصيادي، محمد بن حسن وادي،,</subfield>
    <subfield code="d">1849 or 1850-1910 or 1911</subfield>
    <subfield code="t">قصيدة الرفاعية.</subfield>
    <subfield code="f">1888.</subfield>
  </datafield>
  <datafield tag="955" ind1=" " ind2=" ">
    <subfield code="b">0036761508</subfield>
    <subfield code="d">glx</subfield>
    <subfield code="e">PJ7810.L95 K58</subfield>
  </datafield>
</record>
</collection>